@INPROCEEDINGS{Jaewoo_09,
  author={Ahn, Jaewoo and Chang, Hoseok and Cho, Junho and Sung, Wonyong},
  booktitle={2009 IEEE Workshop on Signal Processing Systems}, 
  title={SIMD processor based implementation of recursive filtering equations}, 
  year={2009},
  volume={},
  number={},
  pages={087-092},
  doi={10.1109/SIPS.2009.5336230}}


@INPROCEEDINGS{Sung_86,
  author={Wonyong Sung and Mitra, S.},
  booktitle={ICASSP '86. IEEE International Conference on Acoustics, Speech, and Signal Processing}, 
  title={Efficient multi-processor implementation of recursive digital filters}, 
  year={1986},
  volume={11},
  number={},
  pages={257-260},
  doi={10.1109/ICASSP.1986.1169082}}

@INPROCEEDINGS{Schaffer_03,
  author={Schaffer, R. and Hosemann, M. and Merker, R. and Fettweis, G.},
  booktitle={2003 IEEE Workshop on Signal Processing Systems (IEEE Cat. No.03TH8682)}, 
  title={Recursive filtering on SIMD architectures}, 
  year={2003},
  volume={},
  number={},
  pages={263-268},
  doi={10.1109/SIPS.2003.1235680}}

@INPROCEEDINGS{Robelly_04,
  author={Robelly, J. and Cichon, G. and Seidel, H. and Fettweis, G.},
  booktitle={2004 IEEE International Conference on Acoustics, Speech, and Signal Processing}, 
  title={Implementation of recursive digital filters into vector SIMD DSP architectures}, 
  year={2004},
  volume={5},
  number={},
  pages={V-165},
  doi={10.1109/ICASSP.2004.1327073}}


@INPROCEEDINGS{Liu_16,
  author={Liu, Yingying and Liu, Dake and Wang, Wei},
  booktitle={2016 International Conference on Integrated Circuits and Microsystems (ICICM)}, 
  title={IIR parallelization on multi-datapath SIMD architecture}, 
  year={2016},
  volume={},
  number={},
  pages={334-338},
  doi={10.1109/ICAM.2016.7813619}}

@BOOK{Christoph_97,
  TITLE = {Numerical Computation 1},
  SUBTITLE = {Methods, Software, and Analysis},
  AUTHOR = {Christoph W. Ueberhuber},
  YEAR = {1997}, 
  PUBLISHER = {Springer Berlin, Heidelberg},
  edition = {1}
}

@ARTICLE{Kogge_73,
  author={Kogge, Peter M. and Stone, Harold S.},
  journal={IEEE Transactions on Computers}, 
  title={A Parallel Algorithm for the Efficient Solution of a General Class of Recurrence Equations}, 
  year={1973},
  volume={C-22},
  number={8},
  pages={786-793},
  doi={10.1109/TC.1973.5009159}}

@misc{Agner_04,
  author = {Agner Fog},
  title = {Vector Class Library},
  year = {2004},
  publisher = {GitHub},
  journal = {GitHub repository},
  howpublished = {\url{https://github.com/vectorclass/version2.git}},
}

